<record><leader>00000cas a2200000 a 4500</leader><controlfield tag="001">669829325</controlfield><controlfield tag="008">101012d19351936oruwr ne      0    0eng c</controlfield><datafield ind1=" " ind2=" " tag="010"><subfield code="a">  2010260139</subfield></datafield><datafield ind1=" " ind2=" " tag="040"><subfield code="a">ORU</subfield><subfield code="b">eng</subfield><subfield code="c">ORU</subfield><subfield code="d">ORU</subfield><subfield code="d">OCLCO</subfield></datafield><datafield ind1=" " ind2=" " tag="042"><subfield code="a">pcc</subfield></datafield><datafield ind1=" " ind2=" " tag="043"><subfield code="a">n-us-or</subfield></datafield><datafield ind1="0" ind2=" " tag="130"><subfield code="a">Bulletin (Portland, Or. : 1935)</subfield></datafield><datafield ind1="1" ind2="4" tag="245"><subfield code="a">The bulletin.</subfield></datafield><datafield ind1=" " ind2=" " tag="260"><subfield code="3">Mar. 28, 1935-Apr. 4, 1935</subfield><subfield code="a">Portland, Or. :</subfield><subfield code="b">Henry M. Hanzen,</subfield><subfield code="c">[1935-1936]</subfield></datafield><datafield ind1="3" ind2=" " tag="260"><subfield code="3">Apr. 11, 1935-May 27, 1936</subfield><subfield code="a">Willamette Publishing Company</subfield></datafield><datafield ind1=" " ind2=" " tag="300"><subfield code="a">v.</subfield></datafield><datafield ind1=" " ind2=" " tag="310"><subfield code="a">Weekly</subfield></datafield><datafield ind1="1" ind2=" " tag="362"><subfield code="a">Began with vol. 10, no. 4 (Mar. 28, 1935), ceased with vol. 11, no. 4 (May 27, 1936).</subfield></datafield><datafield ind1=" " ind2=" " tag="588"><subfield code="a">Description based on: Vol. 10, no. 4 (Mar. 28, 1935).</subfield></datafield><datafield ind1=" " ind2=" " tag="588"><subfield code="a">Latest issue consulted: Vol. 11, no. 4 (May 27, 1936).</subfield></datafield><datafield ind1="2" ind2="0" tag="610"><subfield code="a">East Side Commercial Club (Portland, Or.)</subfield><subfield code="v">Newspapers.</subfield></datafield><datafield ind1=" " ind2="0" tag="651"><subfield code="a">Portland (Or.)</subfield><subfield code="v">Newspapers.</subfield></datafield><datafield ind1=" " ind2=" " tag="752"><subfield code="a">United States</subfield><subfield code="b">Oregon</subfield><subfield code="c">Multnomah</subfield><subfield code="d">Portland.</subfield></datafield><datafield ind1="0" ind2="0" tag="780"><subfield code="t">Portland bulletin (Portland, Or. : 1928)</subfield><subfield code="w">(DLC)  2010260138</subfield><subfield code="w">(OCoLC)669808386</subfield></datafield><datafield ind1="0" ind2="0" tag="785"><subfield code="t">Portland bulletin (Portland, Or. : 1936)</subfield><subfield code="w">(DLC)  2010260140</subfield><subfield code="w">(OCoLC)669825794</subfield></datafield></record>